@article{raisi2022cardiovascular,
  title={Cardiovascular disease and mortality sequelae of COVID-19 in the UK Biobank},
  author={Raisi-Estabragh, Zahra and Cooper, Jackie and Salih, Ahmed and Raman, Betty and Lee, Aaron Mark and Neubauer, Stefan and Harvey, Nicholas C and Petersen, Steffen E},
  journal={Heart},
  year={2022},
  publisher={BMJ Publishing Group Ltd and British Cardiovascular Society}
}
@article{uuskula2022long,
  title={Long-term mortality following SARS-CoV-2 infection: A national cohort study from Estonia},
  author={Uusk{\"u}la, Anneli and J{\"u}rgenson, Tuuli and Pisarev, Heti and Kolde, Raivo and Meister, Tatjana and Tisler, Anna and Suija, Kadri and Kalda, Ruth and Piirsoo, Marko and Fischer, Krista},
  journal={The Lancet Regional Health-Europe},
  pages={100394},
  year={2022},
  publisher={Elsevier}
}


@misc{fsounemployment,
  title = {{Federal Statistical Office. Labour market indicators 2022 - Comments on findings.}},
  howpublished = {\url{https://www.bfs.admin.ch/bfs/fr/home/statistiques/catalogues-banques-donnees.assetdetail.23144034.html}},
  note = {Accessed: 2022-11-03}
}

@article{muller2022job,
  title={Job retention schemes in Europe during the COVID-19 pandemic--different shapes and sizes and the role of collective bargaining},
  author={M{\"u}ller, Torsten and Schulten, Thorsten and Drahokoupil, Jan},
  journal={Transfer: European Review of Labour and Research},
  pages={10242589221089808},
  year={2022},
  publisher={SAGE Publications Sage UK: London, England}
}

@misc{fophmeasures,
  title = {{Federal Office of Public Health. Coronavirus: Measures and ordinances}},
  howpublished = {\url{https://www.bag.admin.ch/bag/en/home/krankheiten/ausbrueche-epidemien-pandemien/aktuelle-ausbrueche-epidemien/novel-cov/massnahmen-des-bundes.html}},
  note = {Accessed: 2022-10-10}
}

@misc{fso2022causes,
  title = {{Federal Statistical Office.  Specific causes of deaths}},
  howpublished = {\url{https://www.bfs.admin.ch/bfs/en/home/statistics/health/state-health/mortality-causes-death/specific.html}},
  note = {Accessed: 2022-10-10}
}
@article{chen2022excess,
  title={Excess natural-cause deaths in California by cause and setting: March 2020 through February 2021},
  author={Chen, Yea-Hung and Stokes, Andrew C and Aschmann, H{\'e}l{\`e}ne E and Chen, Ruijia and DeVost, Shelley and Kiang, Mathew V and Koliwad, Suneil and Riley, Alicia R and Glymour, M Maria and Bibbins-Domingo, Kirsten},
  journal={PNAS Nexus},
  year={2022}
}

@article{heuveline2021covid,
  title={The COVID-19 pandemic adds another 200,000 deaths (50\%) to the annual toll of excess mortality in the United States},
  author={Heuveline, Patrick},
  journal={Proceedings of the National Academy of Sciences},
  volume={118},
  number={36},
  pages={e2107590118},
  year={2021},
  publisher={National Acad Sciences}
}
@article{cronin2021excess,
  title={Excess mortality from COVID and non-COVID causes in minority populations},
  author={Cronin, Christopher J and Evans, William N},
  journal={Proceedings of the National Academy of Sciences},
  volume={118},
  number={39},
  pages={e2101386118},
  year={2021},
  publisher={National Acad Sciences}
}

@article{hersbach2020era5,
  title={The ERA5 global reanalysis. Quarterly Journal of the Royal Meteorological Society.(In in print)},
  author={Hersbach, H and Bell, B and Berrisford, P and Hirahara, S and Hor{\'a}nyi, A and Mu{\~n}oz-Sabater, J and Simmons, A},
  year={2020}
}

@article{karlinsky2021tracking,
  title={Tracking excess mortality across countries during the COVID-19 pandemic with the World Mortality Dataset},
  author={Karlinsky, Ariel and Kobak, Dmitry},
  journal={Elife},
  volume={10},
  year={2021},
  publisher={eLife Sciences Publications, Ltd}
}
@article{schwartz2000harvesting,
  title={Harvesting and long term exposure effects in the relation between air pollution and mortality},
  author={Schwartz, Joel},
  journal={American journal of epidemiology},
  volume={151},
  number={5},
  pages={440--448},
  year={2000},
  publisher={Oxford University Press}
}

@article{toulemon2008mortality,
  title={The mortality impact of the August 2003 heat wave in France: investigating the ‘harvesting’effect and other long-term consequences},
  author={Toulemon, Laurent and Barbieri, Magali},
  journal={Population studies},
  volume={62},
  number={1},
  pages={39--53},
  year={2008},
  publisher={Taylor \& Francis}
}
@article{gasparrini2015mortality,
  title={Mortality risk attributable to high and low ambient temperature: a multicountry observational study},
  author={Gasparrini, Antonio and Guo, Yuming and Hashizume, Masahiro and Lavigne, Eric and Zanobetti, Antonella and Schwartz, Joel and Tobias, Aurelio and Tong, Shilu and Rockl{\"o}v, Joacim and Forsberg, Bertil and others},
  journal={The lancet},
  volume={386},
  number={9991},
  pages={369--375},
  year={2015},
  publisher={Elsevier}
}

@article{kim2022implications,
  title={Implications of Mortality Displacement for Effect Modification and Selection Bias},
  author={Kim, Honghyok and Lee, Jong-Tae and Peng, Roger D and Fong, Kelvin C and Bell, Michelle L},
  journal={arXiv preprint arXiv:2203.13982},
  year={2022}
}

@misc{fsopop,
  title = {{Federal Statistical Office.  STAT-TAB interactive tables}},
  howpublished = {\url{https://www.pxweb.bfs.admin.ch/pxweb/en/}},
  note = {Accessed: 2022-05-20}
}
@misc{bag,
  title = {{Federal Office of Public Health. COVID-⁠19 Switzerland}},
  howpublished = {\url{https://www.covid19.admin.ch/en/overview}},
  note = {Accessed: 2022-05-20}
}

@misc{fsodeath,
  title = {{Federal Statistical Office.  Births and deaths}},
  howpublished = {\url{https://www.bfs.admin.ch/bfs/en/home/statistics/population/births-deaths.html}},
  note = {Accessed: 2022-05-20}
}
@misc{bagmeasures,
  title = {{Federal Office of Public Health. Coronavirus: Measures and ordinances}},
  howpublished = {\url{https://www.bag.admin.ch/bag/en/home/krankheiten/ausbrueche-epidemien-pandemien/aktuelle-ausbrueche-epidemien/novel-cov/massnahmen-des-bundes.html
}},
  note = {Accessed: 2022-06-17}
}
@article{steffen2020travel,
  title={Travel restrictions and lockdown during the COVID-19 pandemic—impact on notified infectious diseases in Switzerland},
  author={Steffen, Robert and Lautenschlager, Stephan and Fehr, Jan},
  journal={Journal of Travel Medicine},
  volume={27},
  number={8},
  pages={taaa180},
  year={2020},
  publisher={Oxford University Press}
}

@misc{Worldometer,
  title = {{Worldometer}},
  howpublished = {\url{https://www.worldometers.info/coronavirus/}},
  note = {Accessed: 2022-10-10}
}
@misc{meteoswiss,
  title = {{Federal Office of Meteorology and Climatology MeteoSwiss}},
  howpublished = {\url{https://www.meteoswiss.admin.ch}},
  note = {Accessed: 2022-05-20}
}
@article{wakefield2007ecologic,
  title={Ecologic studies revisited},
  author={Wakefield, Jon},
  year={2007},
  publisher={bepress}
}

@article{chen2020air,
  title={Air pollution reduction and mortality benefit during the COVID-19 outbreak in China},
  author={Chen, Kai and Wang, Meng and Huang, Conghong and Kinney, Patrick L and Anastas, Paul T},
  journal={The Lancet Planetary Health},
  volume={4},
  number={6},
  pages={e210--e212},
  year={2020},
  publisher={Elsevier}
}
@article{saladie2020covid,
  title={COVID-19 lockdown and reduction of traffic accidents in Tarragona province, Spain},
  author={Saladi{\'e}, {\`O}scar and Bustamante, Edgar and Guti{\'e}rrez, Aaron},
  journal={Transportation research interdisciplinary perspectives},
  volume={8},
  pages={100218},
  year={2020},
  publisher={Elsevier}
}

@misc{whoexcess,
  title = {{World Health Organization. Global excess deaths associated with COVID-19}},
  howpublished = {\url{https://www.who.int/data/sets/global-excess-deaths-associated-with-covid-19-modelled-estimates}},
  note = {Accessed: 2022-07-08}
}
@article{hajat2005mortality,
  title={Mortality displacement of heat-related deaths: a comparison of Delhi, Sao Paulo, and London},
  author={Hajat, Shakoor and Armstrong, Ben G and Gouveia, Nelson and Wilkinson, Paul},
  journal={Epidemiology},
  pages={613--620},
  year={2005},
  publisher={JSTOR}
}

@misc{noorden,
  title = {{R. Van Noorden. COVID death tolls: scientists acknowledge errors in WHO estimates. Nature news feature.}},
  howpublished = {\url{https://www.nature.com/articles/d41586-022-01526-0}},
  note = {Accessed: 2022-07-08}
}

@misc{theeconomist,
  title = {{The Economist and Solstad, S. The pandemic’s true death toll. The Economist, issue 20, 2021.}},
  howpublished = {\url{https://www.economist.com/graphic-detail/coronavirus-excess-deaths-estimates}},
  note = {Accessed: 2022-07-08}
}

@article{czeisler2021mental,
  title={Mental health, substance use, and suicidal ideation during a prolonged COVID-19-related lockdown in a region with low SARS-CoV-2 prevalence},
  author={Czeisler, Mark {\'E} and Wiley, Joshua F and Facer-Childs, Elise R and Robbins, Rebecca and Weaver, Matthew D and Barger, Laura K and Czeisler, Charles A and Howard, Mark E and Rajaratnam, Shantha MW},
  journal={Journal of psychiatric research},
  volume={140},
  pages={533--544},
  year={2021},
  publisher={Elsevier}
}
@article{riera2021delays,
  title={Delays and disruptions in cancer health care due to COVID-19 pandemic: systematic review},
  author={Riera, Rachel and Bagattini, {\^A}ngela Maria and Pacheco, Rafael Leite and Pachito, Daniela Vianna and Roitberg, Felipe and Ilbawi, Andre},
  journal={JCO Global Oncology},
  volume={7},
  number={1},
  pages={311--323},
  year={2021},
  publisher={American Society of Clinical Oncology}
}
@article{hale2021global,
  title={A global panel database of pandemic policies (Oxford COVID-19 Government Response Tracker)},
  author={Hale, Thomas and Angrist, Noam and Goldszmidt, Rafael and Kira, Beatriz and Petherick, Anna and Phillips, Toby and Webster, Samuel and Cameron-Blake, Emily and Hallas, Laura and Majumdar, Saptarshi and others},
  journal={Nature human behaviour},
  volume={5},
  number={4},
  pages={529--538},
  year={2021},
  publisher={Nature Publishing Group}
}

@article{chadeau2021react,
  title={REACT-1 round 15 final report: Increased breakthrough SARS-CoV-2 infections among adults who had received two doses of vaccine, but booster doses and first doses in children are providing important protection},
  author={Chadeau-Hyam, Marc and Eales, Oliver and Bodinier, Barbara and Wang, Haowei and Haw, David and Whitaker, Matthew and Walters, Caroline E and Jonnerby, Jakob and Atchinson, Christina and Diggle, Peter J and others},
  journal={medRxiv},
  year={2021},
  publisher={Cold Spring Harbor Laboratory Press}
}
@article{mazza2020danger,
  title={Danger in danger: Interpersonal violence during COVID-19 quarantine},
  author={Mazza, Marianna and Marano, Giuseppe and Lai, Carlo and Janiri, Luigi and Sani, Gabriele},
  journal={Psychiatry research},
  volume={289},
  pages={113046},
  year={2020},
  publisher={Elsevier}
}
@article{zaami2020new,
  title={New trends of substance abuse during COVID-19 pandemic: an international perspective},
  author={Zaami, Simona and Marinelli, Enrico and Var{\`\i}, Maria Rosaria},
  journal={Frontiers in Psychiatry},
  volume={11},
  pages={700},
  year={2020},
  publisher={Frontiers Media SA}
}

@article{czeisler2020delay,
  title={Delay or avoidance of medical care because of COVID-19--related concerns—United States, June 2020},
  author={Czeisler, Mark {\'E} and Marynak, Kristy and Clarke, Kristie EN and Salah, Zainab and Shakya, Iju and Thierry, JoAnn M and Ali, Nida and McMillan, Hannah and Wiley, Joshua F and Weaver, Matthew D and others},
  journal={Morbidity and mortality weekly report},
  volume={69},
  number={36},
  pages={1250},
  year={2020},
  publisher={Centers for Disease Control and Prevention}
}


@misc{nager,
  title = {nager.date: worldwide public holiday},
  howpublished = {\url{https://date.nager.at/}},
  note = {Accessed: 2022-05-20}
}

@article{konstantinoudis2022regional,
  title={Regional excess mortality during the 2020 COVID-19 pandemic in five European countries},
  author={Konstantinoudis, Garyfallos and Cameletti, Michela and G{\'o}mez-Rubio, Virgilio and G{\'o}mez, Inmaculada Le{\'o}n and Pirani, Monica and Baio, Gianluca and Larrauri, Amparo and Riou, Julien and Egger, Matthias and Vineis, Paolo and others},
  journal={Nature Communications},
  volume={13},
  number={1},
  pages={1--11},
  year={2022},
  publisher={Nature Publishing Group}
}
@article{weitkunat2021mortality,
  title={Mortality monitoring in Switzerland},
  author={Weitkunat, Rolf and Junker, Christoph and Caviezel, Seraina and Fehst, Katharina},
  journal={Swiss Medical Weekly},
  number={37},
  year={2021},
  publisher={EMH Media}
}
@article{elezkurtaj2021causes,
  title={Causes of death and comorbidities in hospitalized patients with COVID-19},
  author={Elezkurtaj, Sefer and Greuel, Selina and Ihlow, Jana and Michaelis, Edward Georg and Bischoff, Philip and Kunze, Catarina Alisa and Sinn, Bruno Valentin and Gerhold, Manuela and Hauptmann, Kathrin and Ingold-Heppner, Barbara and others},
  journal={Scientific Reports},
  volume={11},
  number={1},
  pages={1--9},
  year={2021},
  publisher={Nature Publishing Group}
}

@article{wang2022estimating,
  title={Estimating excess mortality due to the COVID-19 pandemic: a systematic analysis of COVID-19-related mortality, 2020--21},
  author={Wang, Haidong and Paulson, Katherine R and Pease, Spencer A and Watson, Stefanie and Comfort, Haley and Zheng, Peng and Aravkin, Aleksandr Y and Bisignano, Catherine and Barber, Ryan M and Alam, Tahiya and others},
  journal={The Lancet},
  year={2022},
  publisher={Elsevier}
}
@article{li2020researchfactors,
  title={RESEARCHFactors Associated with Nursing Homesʼ Late Participation in COVID-19 Reporting},
  author={Li, Yumeng and Fang, Fang and He, Mengying},
  journal={Journal of the American Geriatrics Society},
  volume={68},
  number={11},
  pages={2468--2469},
  year={2020},
  publisher={Wiley Online Library}
}
@article{lindgren2015bayesian,
  title={Bayesian spatial modelling with R-INLA},
  author={Lindgren, Finn and Rue, H{\aa}vard},
  journal={Journal of statistical software},
  volume={63},
  pages={1--25},
  year={2015}
}
@article{levin2020assessing,
  title={Assessing the age specificity of infection fatality rates for COVID-19: systematic review, meta-analysis, and public policy implications},
  author={Levin, Andrew T and Hanage, William P and Owusu-Boaitey, Nana and Cochran, Kensington B and Walsh, Seamus P and Meyerowitz-Katz, Gideon},
  journal={European journal of epidemiology},
  volume={35},
  number={12},
  pages={1123--1138},
  year={2020},
  publisher={Springer}
}

@article{hauser2020estimation,
  title={Estimation of SARS-CoV-2 mortality during the early stages of an epidemic: A modeling study in Hubei, China, and six regions in Europe},
  author={Hauser, Anthony and Counotte, Michel J and Margossian, Charles C and Konstantinoudis, Garyfallos and Low, Nicola and Althaus, Christian L and Riou, Julien},
  journal={PLoS medicine},
  volume={17},
  number={7},
  pages={e1003189},
  year={2020},
  publisher={Public Library of Science San Francisco, CA USA}
}

@article{menendez2020limitations,
  title={Limitations to current methods to estimate cause of death: a validation study of a verbal autopsy model},
  author={Men{\'e}ndez, Clara and Quint{\'o}, Lloren{\c{c}} and Castillo, Paola and Carrilho, Carla and Ismail, Mamudo R and Lorenzoni, Cesaltina and Fernandes, Fabiola and Hurtado, Juan Carlos and Rakislova, Natalia and Munguambe, Kh{\'a}tia and others},
  journal={Gates Open Research},
  volume={4},
  year={2020},
  publisher={Gates Foundation-Open Access}
}

@article{islam2021excess,
  title={Excess deaths associated with covid-19 pandemic in 2020: age and sex disaggregated time series analysis in 29 high income countries},
  author={Islam, Nazrul and Shkolnikov, Vladimir M and Acosta, Rolando J and Klimkin, Ilya and Kawachi, Ichiro and Irizarry, Rafael A and Alicandro, Gianfranco and Khunti, Kamlesh and Yates, Tom and Jdanov, Dmitri A and others},
  journal={bmj},
  volume={373},
  year={2021},
  publisher={British Medical Journal Publishing Group}
}

@article{karlinsky2021tracking,
  title={{Tracking excess mortality across countries during the COVID-19 pandemic with the World Mortality Dataset}},
  author={Karlinsky, Ariel and Kobak, Dmitry},
  journal={Elife},
  volume={10},
  year={2021},
  publisher={eLife Sciences Publications, Ltd}
}
@misc{dkobak,
  title = {{A. Karlinsky and D. Kobak. Excess mortality during the COVID-19 pandemic (updated estimates).}},
  howpublished = {\url{https://github.com/dkobak/excess-mortality}},
  note = {Accessed: 2022-07-07}
}
@article{de2017programming,
  title={Programming with models: writing statistical algorithms for general model structures with NIMBLE},
  author={de Valpine, Perry and Turek, Daniel and Paciorek, Christopher J and Anderson-Bergman, Clifford and Lang, Duncan Temple and Bodik, Rastislav},
  journal={Journal of Computational and Graphical Statistics},
  volume={26},
  number={2},
  pages={403--413},
  year={2017},
  publisher={Taylor \& Francis}
}
@article{whittaker2021under,
  title={Under-reporting of deaths limits our understanding of true burden of covid-19},
  author={Whittaker, Charles and Walker, Patrick GT and Alhaffar, Mervat and Hamlet, Arran and Djaafara, Bimandra A and Ghani, Azra and Ferguson, Neil and Dahab, Maysoon and Checchi, Francesco and Watson, Oliver J},
  journal={Bmj},
  volume={375},
  year={2021},
  publisher={British Medical Journal Publishing Group}
}

@book{gelman1995bayesian,
  title={Bayesian data analysis},
  author={Gelman, Andrew and Carlin, John B and Stern, Hal S and Rubin, Donald B},
  year={1995},
  publisher={Chapman and Hall/CRC}
}
@article{besag1991bayesian,
  title={Bayesian image restoration, with two applications in spatial statistics},
  author={Besag, Julian and York, Jeremy and Molli{\'e}, Annie},
  journal={Annals of the institute of statistical mathematics},
  volume={43},
  number={1},
  pages={1--20},
  year={1991},
  publisher={Springer}
}

@article{riebler2016intuitive,
  title={An intuitive Bayesian spatial model for disease mapping that accounts for scaling},
  author={Riebler, Andrea and S{\o}rbye, Sigrunn H and Simpson, Daniel and Rue, H{\aa}vard},
  journal={Statistical methods in medical research},
  volume={25},
  number={4},
  pages={1145--1165},
  year={2016},
  publisher={Sage Publications Sage UK: London, England}
}

@article{mansfield2021indirect,
  title={Indirect acute effects of the COVID-19 pandemic on physical and mental health in the UK: a population-based study},
  author={Mansfield, Kathryn E and Mathur, Rohini and Tazare, John and Henderson, Alasdair D and Mulick, Amy R and Carreira, Helena and Matthews, Anthony A and Bidulka, Patrick and Gayle, Alicia and Forbes, Harriet and others},
  journal={The Lancet Digital Health},
  volume={3},
  number={4},
  pages={e217--e230},
  year={2021},
  publisher={Elsevier}
}
@article{riou2021socioeconomic,
  title={Socioeconomic position and the COVID-19 care cascade from testing to mortality in Switzerland: a population-based analysis},
  author={Riou, Julien and Panczak, Radoslaw and Althaus, Christian L and Junker, Christoph and Perisa, Damir and Schneider, Katrin and Criscuolo, Nicola G and Low, Nicola and Egger, Matthias},
  journal={The Lancet Public Health},
  volume={6},
  number={9},
  pages={e683--e691},
  year={2021},
  publisher={Elsevier}
}
@article{watson2022global,
  title={Global impact of the first year of COVID-19 vaccination: a mathematical modelling study},
  author={Watson, Oliver J and Barnsley, Gregory and Toor, Jaspreet and Hogan, Alexandra B and Winskill, Peter and Ghani, Azra C},
  journal={The Lancet Infectious Diseases},
  year={2022},
  publisher={Elsevier}
}
@article{anderegg2022survival,
  title={Survival among people hospitalized with COVID-19 in Switzerland: a nationwide population-based analysis},
  author={Anderegg, Nanina and Panczak, Radoslaw and Egger, Matthias and Low, Nicola and Riou, Julien},
  journal={BMC medicine},
  volume={20},
  number={1},
  pages={1--11},
  year={2022},
  publisher={Springer}
}

@article{beaney2020excess,
  title={Excess mortality: the gold standard in measuring the impact of COVID-19 worldwide?},
  author={Beaney, Thomas and Clarke, Jonathan M and Jain, Vageesh and Golestaneh, Amelia Kataria and Lyons, Gemma and Salman, David and Majeed, Azeem},
  journal={Journal of the Royal Society of Medicine},
  volume={113},
  number={9},
  pages={329--334},
  year={2020},
  publisher={SAGE Publications Sage UK: London, England}
}

@article{de2022assessing,
  title={On assessing excess mortality in Germany during the COVID-19 pandemic},
  author={De Nicola, Giacomo and Kauermann, G{\"o}ran and H{\"o}hle, Michael},
  journal={AStA Wirtschafts-und Sozialstatistisches Archiv},
  pages={1--16},
  year={2022},
  publisher={Springer}
}

@article{konstantinoudis2022framework,
  title={A framework for estimating and visualising excess mortality during the COVID-19 pandemic},
  author={Konstantinoudis, Garyfallos and G{\'o}mez-Rubio, Virgilio and Cameletti, Michela and Pirani, Monica and Baio, Gianluca and Blangiardo, Marta},
  journal={arXiv preprint arXiv:2201.06458},
  year={2022}
}

@article{staub2022historically,
  title={Historically High Excess Mortality During the COVID-19 Pandemic in Switzerland, Sweden, and Spain},
  author={Staub, Kaspar and Panczak, Radoslaw and Matthes, Katarina L and Floris, Jo{\"e}l and Berlin, Claudia and Junker, Christoph and Weitkunat, Rolf and Mamelund, Svenn-Erik and Zwahlen, Marcel and Riou, Julien},
  journal={Annals of internal medicine},
  publisher={American College of Physicians}
}
